@article{addoum2016political,
  title={Political sentiment and predictable returns},
  author={Addoum, Jawad M and Kumar, Alok},
  journal={The Review of Financial Studies},
  volume={29},
  number={12},
  pages={3471--3518},
  year={2016},
  publisher={Oxford University Press}
}
@article{belo2013government,
  title={Government spending, political cycles, and the cross section of stock returns},
  author={Belo, Frederico and Gala, Vito D and Li, Jun},
  journal={Journal of financial economics},
  volume={107},
  number={2},
  pages={305--324},
  year={2013},
  publisher={Elsevier}
}
@article{montone2022does,
  title={Does the US president affect the stock market?},
  author={Montone, Maurizio},
  journal={Journal of Financial Markets},
  volume={61},
  pages={100704},
  year={2022},
  publisher={Elsevier}
}
@article{boutchkova2012precarious,
  title={Precarious politics and return volatility},
  author={Boutchkova, Maria and Doshi, Hitesh and Durnev, Art and Molchanov, Alexander},
  journal={The Review of Financial Studies},
  volume={25},
  number={4},
  pages={1111--1154},
  year={2012},
  publisher={Society for Financial Studies}
}
@article{demirer2018presidential,
  title={Presidential cycles and time-varying bond--stock market correlations: Evidence from more than two centuries of data},
  author={Demirer, Riza and Gupta, Rangan},
  journal={Economics Letters},
  volume={167},
  pages={36--39},
  year={2018},
  publisher={Elsevier}
}
@article{jens2017political,
  title={Political uncertainty and investment: Causal evidence from US gubernatorial elections},
  author={Jens, Candace E},
  journal={Journal of financial economics},
  volume={124},
  number={3},
  pages={563--579},
  year={2017},
  publisher={Elsevier}
}
@article{acharya2009prologue,
  title={Prologue: A Bird's-Eye View: The Financial Crisis of 2007--2009: Causes and Remedies},
  author={Acharya, Viral V and Philippon, Thomas and Richardson, Matthew and Roubini, Nouriel},
  journal={Restoring financial stability: How to repair a failed system},
  pages={1--56},
  year={2009},
  publisher={Wiley Online Library}
}
@article{ali2023anti,
  title={Anti-herding by hedge funds and its implications for expected returns},
  author={Ali, Sara and Badshah, Ihsan and Demirer, Riza},
  journal={Journal of Economic Behavior \& Organization},
  volume={211},
  pages={31--48},
  year={2023},
  publisher={Elsevier}
}
@article{nofsinger1999herding,
  title={Herding and feedback trading by institutional and individual investors},
  author={Nofsinger, John R and Sias, Richard W},
  journal={The Journal of finance},
  volume={54},
  number={6},
  pages={2263--2295},
  year={1999},
  publisher={Wiley Online Library}
}
@article{kyle2001contagion,
  title={Contagion as a wealth effect},
  author={Kyle, Albert S and Xiong, Wei},
  journal={The Journal of Finance},
  volume={56},
  number={4},
  pages={1401--1440},
  year={2001},
  publisher={Wiley Online Library}
}
@article{chen2023presidential,
  title={Presidential economic approval rating and the cross-section of stock returns},
  author={Chen, Zilin and Da, Zhi and Huang, Dashan and Wang, Liyao},
  journal={Journal of Financial Economics},
  volume={147},
  number={1},
  pages={106--131},
  year={2023},
  publisher={Elsevier}
}
@book{maug1996herding,
  title={Herding and delegated portfolio management},
  author={Maug, Ernst and Naik, Narayan},
  publisher={London Business School Mimeo},
  year={1996}
}
@article{gavriilidis2024political,
  title={Political uncertainty and institutional herding},
  author={Gavriilidis, Konstantinos and Kallinterakis, Vasileios and Montone, Maurizio},
  journal={Journal of Corporate Finance},
  volume={88},
  pages={102627},
  year={2024},
  publisher={Elsevier}
}
@article{santa2003presidential,
  title={The presidential puzzle: Political cycles and the stock market},
  author={Santa-Clara, Pedro and Valkanov, Rossen},
  journal={The Journal of Finance},
  volume={58},
  number={5},
  pages={1841--1872},
  year={2003},
  publisher={Wiley Online Library}
}
@article{bonaparte2017political,
  title={Political climate, optimism, and investment decisions},
  author={Bonaparte, Yosef and Kumar, Alok and Page, Jeremy K},
  journal={Journal of Financial Markets},
  volume={34},
  pages={69--94},
  year={2017},
  publisher={Elsevier}
}
@article{kaustia2011stock,
  title={Stock market aversion? Political preferences and stock market participation},
  author={Kaustia, Markku and Torstila, Sami},
  journal={Journal of Financial Economics},
  volume={100},
  number={1},
  pages={98--112},
  year={2011},
  publisher={Elsevier}
}
@article{balcilar2014drives,
  title={What drives herding in oil-rich, developing stock markets? Relative roles of own volatility and global factors},
  author={Balcilar, Mehmet and Demirer, R{\i}za and Hammoudeh, Shawkat},
  journal={The North American Journal of Economics and Finance},
  volume={29},
  pages={418--440},
  year={2014},
  publisher={Elsevier}
}
@article{choi2015institutional,
  title={Institutional herding in international markets},
  author={Choi, Nicole and Skiba, Hilla},
  journal={Journal of Banking \& Finance},
  volume={55},
  pages={246--259},
  year={2015},
  publisher={Elsevier}
}
@article{pastor2020political,
  title={Political cycles and stock returns},
  author={P{\'a}stor, L'ubo{\v{s}} and Veronesi, Pietro},
  journal={Journal of Political Economy},
  volume={128},
  number={11},
  pages={4011--4045},
  year={2020},
  publisher={The University of Chicago Press Chicago, IL}
}
@article{galariotis2015herding,
  title={Herding on fundamental information: A comparative study},
  author={Galariotis, Emilios C and Rong, Wu and Spyrou, Spyros I},
  journal={Journal of Banking \& Finance},
  volume={50},
  pages={589--598},
  year={2015},
  publisher={Elsevier}
}
@article{holmes2013herding,
  title={Herding in a concentrated market: a question of intent},
  author={Holmes, Phil and Kallinterakis, Vasileios and Ferreira, MP Leite},
  journal={European Financial Management},
  volume={19},
  number={3},
  pages={497--520},
  year={2013},
  publisher={Wiley Online Library}
}
@article{mohamad2022birds,
  title={Do birds of a feather flock together? {E}vidence from time-varying herding behaviour of bitcoin and foreign exchange majors during {C}ovid-19},
  author={Mohamad, Azhar and Stavroyiannis, Stavros},
  journal={Journal of International Financial Markets, Institutions and Money},
  volume={80},
  pages={101646},
  year={2022},
  publisher={Elsevier}
}
@article{klein2013time,
  title={Time-variations in herding behavior: Evidence from a Markov switching {SUR} model},
  author={Klein, Arne C},
  journal={Journal of International Financial Markets, Institutions and Money},
  volume={26},
  pages={291--304},
  year={2013},
  publisher={Elsevier}
}
@techreport{bikchandani2000herd,
  title={Herd behavior in financial markets: a review},
  author={Bikchandani, Sushil and Sharma, Sunil},
  institution={IMF Working Papers},
  number={48},
  year={2000}
}
@article{bensaida2017herding,
  title={Herding effect on idiosyncratic volatility in US industries},
  author={BenSa{\"\i}da, Ahmed},
  journal={Finance Research Letters},
  volume={23},
  pages={121--132},
  year={2017},
  publisher={Elsevier}
}
@article{dehghani2014sectoral,
  title={Sectoral herding behavior in the aftermarket of {M}alaysian {IPOs}},
  author={Dehghani, Pegah and Sapian, Ros Zam Zam},
  journal={Venture Capital},
  volume={16},
  number={3},
  pages={227--246},
  year={2014},
  publisher={Taylor \& Francis}
}
@article{zheng2017herding,
  title={Herding within industries: Evidence from {A}sian stock markets},
  author={Zheng, Dazhi and Li, Huimin and Chiang, Thomas C},
  journal={International Review of Economics \& Finance},
  volume={51},
  pages={487--509},
  year={2017},
  publisher={Elsevier}
}
@article{gkebka2013international,
  title={International herding: Does it differ across sectors?},
  author={G{\k{e}}bka, Bartosz and Wohar, Mark E},
  journal={Journal of {I}nternational {F}inancial {M}arkets, {I}nstitutions and {M}oney},
  volume={23},
  pages={55--84},
  year={2013},
  publisher={Elsevier}
}
@article{henker2006investors,
  title={Do investors herd intraday in Australian equities?},
  author={Henker, Julia and Henker, Thomas and Mitsios, Anna},
  journal={International Journal of Managerial Finance},
  volume={2},
  number={3},
  pages={196--219},
  year={2006},
  publisher={Emerald Group Publishing Limited}
}
@article{litimi2016herding,
  title={Herding and excessive risk in the American stock market: A sectoral analysis},
  author={Litimi, Houda and BenSa{\"\i}da, Ahmed and Bouraoui, Omar},
  journal={Research in International Business and Finance},
  volume={38},
  pages={6--21},
  year={2016},
  publisher={Elsevier}
}
@article{choi2009institutional,
  title={Institutional industry herding},
  author={Choi, Nicole and Sias, Richard W},
  journal={Journal of {F}inancial {E}conomics},
  volume={94},
  number={3},
  pages={469--491},
  year={2009},
  publisher={Elsevier}
}
@article{welch2000herding,
  title={Herding among security analysts},
  author={Welch, Ivo},
  journal={Journal of {F}inancial {E}conomics},
  volume={58},
  number={3},
  pages={369--396},
  year={2000},
  publisher={Elsevier}
}
@article{bouri2019herding,
  title={Herding behaviour in cryptocurrencies},
  author={Bouri, Elie and Gupta, Rangan and Roubaud, David},
  journal={Finance Research Letters},
  volume={29},
  pages={216--221},
  year={2019},
  publisher={Elsevier}
}

@article{tsuchiya2015herding,
  title={Herding behavior and loss functions of exchange rate forecasters over interventions and financial crises},
  author={Tsuchiya, Yoichi},
  journal={International Review of Economics \& Finance},
  volume={39},
  pages={266--276},
  year={2015},
  publisher={Elsevier}
}
@article{leece2017effects,
  title={The effects of firms’ information environment on analysts’ herding behavior},
  author={Leece, Ryan D and White, Todd P},
  journal={Review of Quantitative Finance and Accounting},
  volume={48},
  pages={503--525},
  year={2017},
  publisher={Springer}
}
@article{jiang2018does,
  title={Does herding behavior reveal skill? {A}n analysis of mutual fund performance},
  author={Jiang, Hao and Verardo, Michela},
  journal={The Journal of Finance},
  volume={73},
  number={5},
  pages={2229--2269},
  year={2018},
  publisher={Wiley Online Library}
}
@article{lesame2024herding,
  title={Herding in international REITs markets around the {C}ovid-19 pandemic},
  author={Lesame, Keagile and Ngene, Geoffrey and Gupta, Rangan and Bouri, Elie},
  journal={Research in International Business and Finance},
  volume={67},
  pages={102147},
  year={2024},
  publisher={Elsevier}
}
@article{philippas2013herding,
  title={Herding behavior in REITs: Novel tests and the role of financial crisis},
  author={Philippas, Nikolaos and Economou, Fotini and Babalos, Vassilios and Kostakis, Alexandros},
  journal={International Review of Financial Analysis},
  volume={29},
  pages={166--174},
  year={2013},
  publisher={Elsevier}
}
@article{youssef2022oil,
  title={Do oil prices and financial indicators drive the herding behavior in commodity markets?},
  author={Youssef, Mouna},
  journal={Journal of Behavioral Finance},
  volume={23},
  number={1},
  pages={58--72},
  year={2022},
  publisher={Taylor \& Francis}
}
@article{junior2020analyzing,
  title={Analyzing herding behavior in commodities markets--an empirical approach},
  author={J{\'u}nior, Gerson de Souza Raimundo and Palazzi, Rafael Baptista and Klotzle, Marcelo Cabus and Pinto, Antonio Carlos Figueiredo},
  journal={Finance Research Letters},
  volume={35},
  pages={101285},
  year={2020},
  publisher={Elsevier}
}
@article{babalos2015commodity,
  title={Do commodity investors herd? Evidence from a time-varying stochastic volatility model},
  author={Babalos, Vassilios and Stavroyiannis, Stavros and Gupta, Rangan},
  journal={Resources Policy},
  volume={46},
  pages={281--287},
  year={2015},
  publisher={Elsevier}
}
@article{babalos2015herding,
  title={Herding, anti-herding behaviour in metal commodities futures: a novel portfolio-based approach},
  author={Babalos, Vassilios and Stavroyiannis, Stavros},
  journal={Applied Economics},
  volume={47},
  number={46},
  pages={4952--4966},
  year={2015},
  publisher={Taylor \& Francis}
}
@article{galariotis2016herd,
  title={Herd behavior and equity market liquidity: Evidence from major markets},
  author={Galariotis, Emilios C and Krokida, Styliani-Iris and Spyrou, Spyros I},
  journal={International Review of Financial Analysis},
  volume={48},
  pages={140--149},
  year={2016},
  publisher={Elsevier}
}
@article{ukpong2021determinants,
  title={Determinants of industry herding in the US stock market},
  author={Ukpong, Idibekeabasi and Tan, Handy and Yarovaya, Larisa},
  journal={Finance Research Letters},
  volume={43},
  pages={101953},
  year={2021},
  publisher={Elsevier}
}
@article{chiang2010empirical,
  title={An empirical analysis of herd behavior in global stock markets},
  author={Chiang, Thomas C and Zheng, Dazhi},
  journal={Journal of Banking \& Finance},
  volume={34},
  number={8},
  pages={1911--1921},
  year={2010},
  publisher={Elsevier}
}
@article{demirer2006does,
  title={Does herding behavior exist in Chinese stock markets?},
  author={Demirer, R{\i}za and Kutan, Ali M},
  journal={Journal of international Financial markets, institutions and money},
  volume={16},
  number={2},
  pages={123--142},
  year={2006},
  publisher={Elsevier}
}
@article{komalasari2022herding,
  title={Herding behaviour in the capital market: what do we know and what is next?},
  author={Komalasari, Puput Tri and Asri, Marwan and Purwanto, Bernardinus M and Setiyono, Bowo},
  journal={Management Review Quarterly},
  volume={72},
  number={3},
  pages={745--787},
  year={2022},
  publisher={Springer}
}
@article{spyrou2013herding,
  title={Herding in financial markets: a review of the literature},
  author={Spyrou, Spyros},
  journal={Review of Behavioral Finance},
  volume={5},
  number={2},
  pages={175--194},
  year={2013},
  publisher={Emerald Group Publishing Limited}
}
@article{bikhchandani1992theory,
  title={A theory of fads, fashion, custom, and cultural change as informational cascades},
  author={Bikhchandani, Sushil and Hirshleifer, David and Welch, Ivo},
  journal={Journal of {P}olitical {E}conomy},
  volume={100},
  number={5},
  pages={992--1026},
  year={1992},
  publisher={The University of Chicago Press}
}
@article{banerjee1992simple,
  title={A simple model of herd behavior},
  author={Banerjee, Abhijit V},
  journal={The {Q}uarterly {J}ournal of {E}conomics},
  volume={107},
  number={3},
  pages={797--817},
  year={1992},
  publisher={MIT Press}
}
@article{demirer2015commodity,
  title={Commodity financialization and herd behavior in commodity futures markets},
  author={Demirer, Riza and Lee, Hsiang-Tai and Lien, Donald D},
  journal={International Review of Financial Analysis},
  volume={39},
  year={2015}
}
@article{devenow1996rational,
  title={Rational herding in financial economics},
  author={Devenow, Andrea and Welch, Ivo},
  journal={European economic review},
  volume={40},
  number={3-5},
  pages={603--615},
  year={1996},
  publisher={Elsevier}
}
@techreport{mullainathan2000behavioral,
  title={Behavioral economics},
  author={Mullainathan, Sendhil and Thaler, Richard H},
  year={2000},
  Institution={National Bureau of Economic Research Cambridge, Mass., USA}
}
@article{tversky1974judgment,
  title={Judgment under Uncertainty: Heuristics and Biases: Biases in judgments reveal some heuristics of thinking under uncertainty.},
  author={Tversky, Amos and Kahneman, Daniel},
  journal={{S}cience},
  volume={185},
  number={4157},
  pages={1124--1131},
  year={1974},
  publisher={American association for the advancement of science}
}

@article{aggarwal2014animal,
  title={Animal spirits in financial economics: A review of deviations from economic rationality},
  author={Aggarwal, Raj},
  journal={International Review of Financial Analysis},
  volume={32},
  pages={179--187},
  year={2014},
  publisher={Elsevier}
}

@article{dai2020animal,
  title={Animal spirits, financial markets, and aggregate instability},
  author={Dai, Wei and Weder, Mark and Zhang, Bo},
  journal={Journal of Money, Credit and Banking},
  volume={52},
  number={8},
  pages={2053--2083},
  year={2020},
  publisher={Wiley Online Library}
}
@article{shiller2005behavioral,
  title={Behavioral economics and institutional innovation},
  author={Shiller, Robert J},
  journal={Southern Economic Journal},
  volume={72},
  number={2},
  pages={269--283},
  year={2005},
  publisher={Wiley Online Library}
}
@article{kahneman2003maps,
  title={Maps of bounded rationality: Psychology for behavioral economics},
  author={Kahneman, Daniel},
  journal={American {E}conomic {R}eview},
  volume={93},
  number={5},
  pages={1449--1475},
  year={2003},
  publisher={American Economic Association}
}
@article{fama1970efficient,
  title={Efficient capital markets},
  author={Fama, Eugene F},
  journal={Journal of {F}inance},
  volume={25},
  number={2},
  pages={383--417},
  year={1970}
}

@article{dhall2020covid,
  title={The {C}ovid-19 pandemic and herding behaviour: Evidence from India’s stock market},
  author={Dhall, Rosy and Singh, Bhanwar},
  journal={Millennial Asia},
  volume={11},
  number={3},
  pages={366--390},
  year={2020},
  publisher={SAGE Publications Sage India: New Delhi, India}
}
@article{rubesam2022covid,
  title={Covid-19 and herding in global equity markets},
  author={Rubesam, Alexandre and J{\'u}nior, Gerson de Souza Raimundo},
  journal={Journal of Behavioral and Experimental Finance},
  volume={35},
  pages={100672},
  year={2022},
  publisher={Elsevier}
}
@article{youssef2022herding,
  title={Herding behavior in the cryptocurrency market during {C}ovid-19 pandemic: The role of media coverage},
  author={Youssef, Mouna and Waked, Sami Sobhi},
  journal={The North American Journal of Economics and Finance},
  volume={62},
  pages={101752},
  year={2022},
  publisher={Elsevier}
}
@article{wen2022herding,
  title={Herding behavior in Hong Kong stock market during the {C}ovid-19 period: a systematic detection approach},
  author={Wen, Conghua and Yang, Zixi and Jiang, Rui},
  journal={Journal of Chinese Economic and Business Studies},
  volume={20},
  number={2},
  pages={159--170},
  year={2022},
  publisher={Taylor \& Francis}
}
@article{mandaci2022herding,
  title={Herding intensity and volatility in cryptocurrency markets during the {C}ovid-19},
  author={Mandaci, Pinar Evrim and Cagli, Efe Caglar},
  journal={Finance Research Letters},
  volume={46},
  pages={102382},
  year={2022},
  publisher={Elsevier}
}
@article{wu2020herding,
  title={Herding behavior in Chinese stock markets during {C}ovid-19},
  author={Wu, Guosong and Yang, Boxian and Zhao, Ningru},
  journal={Emerging Markets Finance and Trade},
  volume={56},
  number={15},
  pages={3578--3587},
  year={2020},
  publisher={Taylor \& Francis}
}
@article{bouri2021covid,
  title={COVID-19 pandemic and investor herding in international stock markets},
  author={Bouri, Elie and Demirer, Riza and Gupta, Rangan and Nel, Jacobus},
  journal={Risks},
  volume={9},
  number={9},
  pages={168},
  year={2021},
  publisher={MDPI}
}
@article{jiang2022investor,
  title={Investor's herding behavior in Asian equity markets during COVID-19 period},
  author={Jiang, Rui and Wen, Conghua and Zhang, Ruonan and Cui, Yu},
  journal={Pacific-Basin Finance Journal},
  volume={73},
  pages={101771},
  year={2022},
  publisher={Elsevier}
}
@article{lee2021covid,
  title={How COVID-19 triggers our herding behavior? Risk perception, state anxiety, and trust},
  author={Lee, Yi-Chih and Wu, Wei-Li and Lee, Chia-Ko},
  journal={Frontiers in Public Health},
  volume={9},
  pages={587439},
  year={2021},
  publisher={Frontiers}
}
@article{chang2020herding,
  title={Herding behaviour in energy stock markets during the Global Financial Crisis, SARS, and ongoing COVID-19},
  author={Chang, Chia-Lin and McAleer, Michael and Wang, Yu-Ann},
  journal={Renewable and Sustainable Energy Reviews},
  volume={134},
  pages={110349},
  year={2020},
  publisher={Elsevier}
}
@article{ghorbel2023does,
  title={Does herding behavior explain the contagion of the COVID-19 crisis?},
  author={Ghorbel, Achraf and Snene, Yasmine and Frikha, Wajdi},
  journal={Review of Behavioral Finance},
  volume={15},
  number={6},
  pages={889--915},
  year={2023},
  publisher={Emerald Publishing Limited}
}
@article{ferreruela2021herding,
  title={Herding in the bad times: The 2008 and COVID-19 crises},
  author={Ferreruela, Sandra and Mallor, Tania},
  journal={The North American Journal of Economics and Finance},
  volume={58},
  pages={101531},
  year={2021},
  publisher={Elsevier}
}
@article{mand2021static,
  title={Static and regime-dependent herding behavior: An emerging market case study},
  author={Mand, Abdollah Ah and Sifat, Imtiaz},
  journal={Journal of Behavioral and Experimental Finance},
  volume={29},
  pages={100466},
  year={2021},
  publisher={Elsevier}
}
@article{frey2014measuring,
  title={Measuring mutual fund herding--a structural approach},
  author={Frey, Stefan and Herbst, Patrick and Walter, Andreas},
  journal={Journal of International Financial Markets, Institutions and Money},
  volume={32},
  pages={219--239},
  year={2014},
  publisher={Elsevier}
}
@article{zhao2022industry,
  title={Industry herding in crypto assets},
  author={Zhao, Yuan and Liu, Nan and Li, Wanpeng},
  journal={International Review of Financial Analysis},
  volume={84},
  pages={102335},
  year={2022},
  publisher={Elsevier}
}
@article{allam2020determinants,
  title={Determinants of herding behavior in the time of COVID-19: The case of Egyptian stock market sectors},
  author={Allam, Samira and Abdelrhim, Mansour and Mohamed, Mahmoud},
  journal={Available at SSRN 3717995},
  year={2020}
}
@article{madaan2023determinants,
  title={Determinants of Industry Herding in the Indian Stock Market},
  author={Madaan, Veena and Panda, Laxmidhar},
  journal={Business Perspectives and Research},
  pages={22785337231176870},
  year={2023},
  publisher={SAGE Publications Sage India: New Delhi, India}
}
@article{bouzid2020industry,
  title={INDUSTRY HERDING BEHAVIOR IN BULL AND BEAR MARKETS: EVIDENCE FROM MOROCCO},
  author={Bouzid, Khalil Nait and Wang, Hui and Fuwei, Jiang},
  journal={Revue Economie, Gestion et Soci{\'e}t{\'e}},
  volume={1},
  number={26},
  year={2020}
}
@article{bharti2020herding,
  title={Herding in fast moving consumer group sector: Equity market asymmetry and crisis},
  author={Bharti, Bharti and Kumar, Ashish},
  journal={The Journal of Asian Finance, Economics and Business (JAFEB)},
  volume={7},
  number={9},
  pages={39--49},
  year={2020}
}
@article{Camara2017IndustryHB,
  title={Industry herd behaviour in financing decision making},
  author={Omar Camara},
  journal={Journal of Economics and Business},
  year={2017},
  volume={94},
  pages={32-42},
  url={https://api.semanticscholar.org/CorpusID:158356303}
}
@article{Choi2008InstitutionalIH,
  title={Institutional Industry Herding},
  author={Nicole Y. Choi and Richard Sias},
  journal={Behavioral \& Experimental Finance},
  year={2008},
  url={https://api.semanticscholar.org/CorpusID:154518743}
}
@article{Lee2013IndustryHA,
  title={Industry herding and market states: evidence from Chinese stock markets},
  author={Chien‐Chiang Lee and Mei-Ping Chen and Kuan-Mien Hsieh},
  journal={Quantitative Finance},
  year={2013},
  volume={13},
  pages={1091 - 1113},
  url={https://api.semanticscholar.org/CorpusID:154283715}
}
@article{Yan2012IndustryHA,
  title={Industry Herding and Momentum},
  author={Zhipeng Yan and Yan Zhao and Libo Sun},
  journal={The Journal of Investing},
  year={2012},
  volume={21},
  pages={89 - 96},
  url={https://api.semanticscholar.org/CorpusID:154915572}
}
@article{cakan2016sectoral,
  title={Sectoral Herding: Evidence from an Emerging Market},
  author={Cakan, Esin and Balagyozyan, Aram},
  journal={Journal of Accounting and Finance},
  volume={16},
  number={4},
  pages={87},
  year={2016}
}
@article{Liu2014HerdingBI,
  title={Herding Behavior in Bank Lending: Evidence from U.S. Commercial Banks},
  author={Chen Liu},
  journal={Regulation of Financial Institutions eJournal},
  year={2014},
  url={https://api.semanticscholar.org/CorpusID:117901750}
}
@article{shrotryia2021analysis,
  title={Analysis of Sectoral Herding through Quantile Regression: A Study of {S\&P} {BSE} 500 Stocks.},
  author={Shrotryia, Vijay Kumar and Kalra, Himanshi},
  journal={International Journal of Business \& Economics},
  volume={20},
  number={1},
  year={2021}
}
@article{Babalos2015DoCI,
  title={Do commodity investors herd? Evidence from a time-varying stochastic volatility model ☆},
  author={Vassilios Babalos and Stavros Stavroyiannis and Rangan Gupta},
  journal={Resources Policy},
  year={2015},
  volume={46},
  pages={281-287},
  url={https://api.semanticscholar.org/CorpusID:261813398}
}
@article{Demirer2019IndustryHA,
  title={Industry Herding and the Profitability of Momentum Strategies During Market Crises},
  author={Rıza Demirer and Huacheng Zhang},
  journal={Journal of Behavioral Finance},
  year={2019},
  volume={20},
  pages={195 - 212},
  url={https://api.semanticscholar.org/CorpusID:158809077}
}
@article{Hirshleifer2003HerdBA,
  title={Herd Behaviour and Cascading in Capital Markets: A Review and Synthesis},
  author={David Hirshleifer and Siew Hong Teoh},
  journal={Capital Markets: Market Efficiency eJournal},
  year={2003},
  url={https://api.semanticscholar.org/CorpusID:28553134}
}
@article{Spyrou2013HerdingIF,
  title={Herding in financial markets: a review of the literature},
  author={Spyros I. Spyrou},
  journal={Review of Behavioral Finance},
  year={2013},
  volume={5},
  pages={175-194},
  url={https://api.semanticscholar.org/CorpusID:153726321}
}
@techreport{boortz2013herding,
  title={Herding in financial markets: Bridging the gap between theory and evidence},
  author={Boortz, Christopher and Jurkatis, Simon and Kremer, Stephanie and Nautz, Dieter},
  year={2013},
  institution={SFB 649 Discussion Paper}
}
@article{Tianrong2005HerdBI,
  title={Herd Behavior in Financial Market},
  author={Zhao Tian-rong},
  journal={Journal of Yunnan University of Finance and Economics},
  year={2005},
  url={https://api.semanticscholar.org/CorpusID:156385788}
}
@article{Zhang2016ASO,
  title={A Study of Herd Behavior Based on the Chinese Stock Market},
  author={Yu Zhang and Xiaosong Zheng},
  journal={Journal of Applied Management and Investments},
  year={2016},
  volume={5},
  pages={131-135},
  url={https://api.semanticscholar.org/CorpusID:156875604}
}
@article{Dewan2019HerdingBI,
  title={Herding Behaviour in Investment Decision Making: A Review},
  author={Palak Dewan and Khushdeep Dharni},
  journal={Journal of Economics, Management and Trade},
  year={2019},
  url={https://api.semanticscholar.org/CorpusID:198800224}
}
@article{Cipriani2010EstimatingAS,
  title={Estimating a Structural Model of Herd Behavior in Financial Markets},
  author={Marco Cipriani and Antonio Guarino},
  journal={FEN: Behavioral Finance (Topic)},
  year={2010},
  url={https://api.semanticscholar.org/CorpusID:15034358}
}
@article{Ganesh2016IndustryHB,
  title={Industry herding behaviour in Indian stock market},
  author={R. Sankar Ganesh and G. Naresh and S. Thiyagarajan},
  journal={American J. of Finance and Accounting},
  year={2016},
  volume={4},
  pages={284-308},
  url={https://api.semanticscholar.org/CorpusID:157834537}
}
@article{nath2020investor,
  title={Investor-herding and risk-profiles: A State-Space Model-based Assessment},
  author={Nath, Harmindar B and Brooks, Robert D},
  journal={Pacific-Basin Finance Journal},
  volume={62},
  pages={101383},
  year={2020},
  publisher={Elsevier}
}
@article{fama1993common,
  title={Common risk factors in the returns on stocks and bonds},
  author={Fama, Eugene F and French, Kenneth R},
  journal={Journal of {F}inancial {E}conomics},
  volume={33},
  number={1},
  pages={3--56},
  year={1993},
  publisher={Elsevier}
}
@article{Bikhchandani2001, 
  author = {Bikhchandani, Sushil and Sharma, Sunil}, 
  title = {Herd Behavior in Financial Markets}, 
  issn = {1020-7635}, 
  pages = {279--310}, 
  number = {3}, 
  volume = {47}, 
  journal = {IMF Staff Papers}, 
  keywords = {Theoretical}, 
  year = {2000}
}
@article{newey1987simple,
  title={A Simple, Positive Semi-Definite, Heteroskedasticity and Autocorrelation Consistent Covariance Matrix},
  author={Newey, Whitney K and West, Kenneth D},
  journal={Econometrica: Journal of the Econometric Society},
  pages={703--708},
  year={1987},
  publisher={JSTOR}
}
@article{sim2015oil,
  title={Oil prices, US stock return, and the dependence between their quantiles},
  author={Sim, Nicholas and Zhou, Hongtao},
  journal={Journal of Banking \& Finance},
  volume={55},
  pages={1--8},
  year={2015},
  publisher={Elsevier}
}
@article{duygun2021,
	title = {Herding by corporates in the US and the Eurozone through different market conditions},
	author = {Duygun, Meryem and Tunaru, Radu and Vioto, Davide},
	year = {2021},
	journal = {Journal of International Money and Finance},
	pages = {102311},
	volume = {110},
	doi = {10.1016/j.jimonfin.2020.102311},
	url = {http://dx.doi.org/10.1016/j.jimonfin.2020.102311},
}
@article{christie1995following,
  title={Following the pied piper: Do individual returns herd around the market?},
  author={Christie, William G and Huang, Roger D},
  journal={Financial Analysts Journal},
  volume={51},
  number={4},
  pages={31--37},
  year={1995},
  publisher={Taylor \& Francis}
}
@article{chang2000examination,
  title={An examination of herd behavior in equity markets: An international perspective},
  author={Chang, Eric C and Cheng, Joseph W and Khorana, Ajay},
  journal={Journal of Banking \& Finance},
  volume={24},
  number={10},
  pages={1651--1679},
  year={2000},
  publisher={Elsevier}
}
@article{stavroyiannis2015time,
  title={On the time varying nature of herding behaviour: Evidence from major 
  {E}uropean indices},
  author={Babalos, Vassilios and Stavroyiannis, Stavros} ,
  journal={Global Business and Economics Review},
  volume={17},
  number={3},
  pages={298--309},
  year={2015},
  publisher={Inderscience Enterprises Ltd}
}
@article{zeileis2004econometric,
  title={Econometric computing with HC and HAC covariance matrix estimators},
  author={Zeileis, Achim},
  year={2004},
  journal={Journal of Statistical Software},
  volume={11},
  pages={1--16}
}